@INPROCEEDINGS{crick-et-al_wssspe2,
  author =       {Tom Crick and Benjamin A. Hall and Samin Ishtiaq},
  title =        {{``Can I Implement Your Algorithm?'': A Model for Reproducible Research Software}},
  booktitle =    {{Proceedings of 2nd International Workshop on Sustainable Software for Science: Practice and Experiences (WSSSPE2)}},
  year =         {2014}
}

@INPROCEEDINGS{crick-et-al_recomp2014,
  author =       {Tom Crick and Benjamin A. Hall and Samin Ishtiaq and Kenji Takeda},
  title =        {{``Share and Enjoy'': Publishing Useful (and Usable) Scientific Models}},
  booktitle =    {{Proceedings of 1st International Workshop on Recomputability}},
  year =         {2014},
  publisher =    {IEEE},
  pages =        {957--961}
}

@INPROCEEDINGS{venters-et-al_wssspe3,
  author =       {Colin C. Venters and Michael K. Griffiths and Violeta Holmes and Rupert R. Ward and David J. Cooke},
  title =        {{The Nebuchadnezzar Effect: Dreaming of Sustainable Software through Sustainable Software Architectures}},
  booktitle =    {{Proceedings of 3rd International Workshop on Sustainable Software for Science: Practice and Experiences (WSSSPE3)}},
  year =         {2015}
}

